@article{OTHER:Stolbunov10,
  title={Constructing public-key cryptographic schemes based on class group action on a set of isogenous elliptic curves.},
  author={Stolbunov, Anton},
  journal={Adv. Math. Commun.},
  volume={4},
  number={2},
  pages={215--235},
  year={2010}
}